<record><leader>00000cas a22000007a 4500</leader><controlfield tag="001">31183536</controlfield><controlfield tag="008">940927d18761879mauwr ne      0    0eng d</controlfield><datafield ind1=" " ind2=" " tag="010"><subfield code="a">sn 94055860 </subfield></datafield><datafield ind1=" " ind2=" " tag="040"><subfield code="a">MGN</subfield><subfield code="b">eng</subfield><subfield code="c">MGN</subfield><subfield code="d">OCLCQ</subfield></datafield><datafield ind1=" " ind2=" " tag="042"><subfield code="a">msc</subfield></datafield><datafield ind1="0" ind2=" " tag="130"><subfield code="a">River-side press (Merrimac, Mass.)</subfield></datafield><datafield ind1="1" ind2="4" tag="245"><subfield code="a">The river-side press.</subfield></datafield><datafield ind1="3" ind2="0" tag="246"><subfield code="a">Riverside press</subfield></datafield><datafield ind1=" " ind2=" " tag="260"><subfield code="a">Merrimac, Mass. :</subfield><subfield code="b">G.W. Currier &amp; Co.</subfield></datafield><datafield ind1=" " ind2=" " tag="300"><subfield code="a">v.</subfield></datafield><datafield ind1=" " ind2=" " tag="310"><subfield code="a">Weekly</subfield></datafield><datafield ind1="0" ind2=" " tag="362"><subfield code="a">Vol. 1, no. 1 (Mar. 30, 1876)-</subfield></datafield><datafield ind1=" " ind2=" " tag="500"><subfield code="a">Ceased in 1879?</subfield></datafield><datafield ind1=" " ind2=" " tag="752"><subfield code="a">United States</subfield><subfield code="b">Massachusetts</subfield><subfield code="c">Essex</subfield><subfield code="d">Merrimac.</subfield></datafield></record>